@ARTICLE{lindroos2014,
  author = {{Lindroos}, L and Knudsen, K. K. and Vlemmings, W. and Conway, J. and {Mart\'{i}-Vidal}, I.},
  title = {{Stacking of large interferometric data sets in the image- and uv-domain -- a comparative study}},
  journal = {MNRAS, submitted},
  year = {2014}
}

@ARTICLE{vidal2014,
   author = {{Mart{\'{\i}}-Vidal}, I. and {Vlemmings}, W.~H.~T. and {Muller}, S. and 
	{Casey}, S.},
    title = "{UVMULTIFIT: A versatile tool for fitting astronomical radio interferometric data}",
  journal = {A\&A},
archivePrefix = "arXiv",
   eprint = {1401.4984},
 primaryClass = "astro-ph.IM",
 keywords = {techniques: interferometric, methods: data analysis},
     year = 2014,
    month = mar,
   volume = 563,
      eid = {A136},
    pages = {A136},
      doi = {10.1051/0004-6361/201322633},
   adsurl = {http://adsabs.harvard.edu/abs/2014A%26A...563A.136M},
  adsnote = {Provided by the SAO/NASA Astrophysics Data System}
}
